<?xml version="1.0" encoding="UTF-8"?><collection xmlns="http://www.loc.gov/MARC21/slim"><record><leader>00483nam--2200169-i-4500</leader><controlfield tag="001">000040126</controlfield><controlfield tag="002">20161230</controlfield><controlfield tag="005">20161230201042</controlfield><controlfield tag="008">060222s1000------------r-----000-0-rum-d</controlfield><datafield ind1=" " ind2=" " tag="041"><subfield code="a">rum</subfield></datafield><datafield ind1=" " ind2=" " tag="080"><subfield code="a">535:539</subfield></datafield><datafield ind1="1" ind2=" " tag="100"><subfield code="a">Salceanu,C</subfield></datafield><datafield ind1="1" ind2="0" tag="245"><subfield code="a">OPTICA SI STRUCTURA ATOMULUI. Vol. II</subfield><subfield code="b">Cu colaborarea lector M. Zaganescu</subfield><subfield code="c">C. Salceanu</subfield></datafield><datafield ind1=" " ind2=" " tag="260"><subfield code="a">Timisoara</subfield><subfield code="b">Editura Institutului Politehnic</subfield><subfield code="c">1954</subfield></datafield><datafield ind1=" " ind2=" " tag="300"><subfield code="a">394 P. + ILUSR</subfield></datafield><datafield ind1=" " ind2=" " tag="852"><subfield code="a">3881</subfield><subfield code="c">535</subfield></datafield><datafield ind1=" " ind2=" " tag="CAT"><subfield code="a">Sys</subfield><subfield code="c">20101014</subfield><subfield code="h">154809</subfield></datafield></record></collection>